@article{marion,
   author = {Marion L. Heimann},
   title = {WITS ANALYTICS AND VISUALIZATION OF ENERGY SYSTEMS: Data Acquisition, Web Framework, and Generated Visuals},
   year = {2018},
   month = {Sep}
}

@manual{Enermax,
    title = {ENERMAX+ Energy and Demand Meter},
    organization = {Strike Technologies},
    year = {2017},
    month= {},
    note = {Brochure}
}

@manual{Elster,
    title = {A1100 Polyphase Meter},
    organization = {Elster Metering Ltd},
    year = {2012},
    month= {May},
    note = {Brochure}
}

@online{IST,
    author = {IST},
    title = {System Engineering and Integration | Integrators of Systems Technology | iST},
    month = {Sep},
    year = {2018},
    url = {goo.gl/YpgA2M}
}

@online{ecwin,
    author = {IST},
    organization = {IST},
    title = {ecWIN 7},
    month = {Sep},
    year = {2018},
    url = {goo.gl/1M5vUK}
}

@online{selenium,
    author = {SeleniumHQ},
    organization = {SeleniumHQ},
    title = {Selenium - Web Browser Automation},
    month = {Sep},
    year = {2018},
    url = {goo.gl/t2UfPm}
}

@article{mike,
    author = {Michael Geddes},
    title = {A Data Visualisation Solution for Smart Energy Metering: Sampling and Data Considerations},
   year = {2014},
   month = {Oct}
}

@online{mongotimeseries,
    author = {Sandeep Parikh \& Kelly Stirman},
    organization = {MongoDB},
    title = {Schema Design for Time Series Data in MongoDB | Data as Ticker Tape},
    month = {Oct},
    year = {2013},
    url = {goo.gl/ys1YwF}
}

@online{mongotimescaledb,
    author = {Rob Kiefer},
    organization = {TIMESCALE},
    title = {How to store time-series data in MongoDB, and why that's a bad idea},
    month = {May},
    year = {2015},
    url = {goo.gl/TAWkoU}
}

@online{opentsdb,
    author = {OpenTSDB},
    organization = {OpenTSDB},
    title = {OpenTSDB - A Distributed, Scalable Monitoring System},
    month = {Sep},
    year = {2018},
    url = {goo.gl/aTcBbM}
}

@online{hbase,
    organization = {The Apache Software Foundation},
    title = {Apache HBase},
    month = {Sep},
    year = {2018},
    url = {goo.gl/fdepg6}
}

@online{gnuplot,
    organization = {gnuplot},
    title = {gnuplot homepage},
    month = {Sep},
    year = {2018},
    url = {goo.gl/zVaxWT}
}

@online{opentsdbwriting,
    organization = {OpenTSDB},
    title = {Writing Data - OpenTSDB 2.3 Documentation},
    month = {Sep},
    year = {2018},
    url = {goo.gl/DZ4B5m}
}

@online{requests,
    organization = {Python},
    title = {Requests: HTTP for Humans},
    month = {Sep},
    year = {2018},
    url = {goo.gl/rAswDm}
}

@online{opentsdbquery,
    organization = {OpenTSDB},
    title = {Querying or Reading Data},
    month = {Sep},
    year = {2018},
    url = {goo.gl/DALBVX}
}

@book{pragmatic,
  title={The Pragmatic Programmer: From Journeyman to Master},
  author={Hunt, A. and Thomas, D.},
  isbn={9780132119177},
  url={goo.gl/Z6LTHg},
  year={1999},
  publisher={Pearson Education}
}

@online{virtualenv,
    organization = {Python},
    title = {12. Virtual Environments and Packages},
    month = {Sep},
    year = {2018},
    url = {goo.gl/VH5m9S}
}

@online{virtualenvwhy,
    organization = {Python Tips},
    title = {What is virtualenv and why you should use it},
    month = {Jul},
    year = {2013},
    url = {goo.gl/R7ZcEW}
}

@online{d3,
    organization = {D3JS},
    title = {D3.js - Data-Driven Documents},
    month = {Sep},
    year = {2018},
    url = {goo.gl/sphez4}
}
